<?xml version="1.0" encoding="UTF-8"?><record xmlns="http://www.loc.gov/MARC21/slim" xmlns:cinclude="http://apache.org/cocoon/include/1.0" xmlns:zs="http://www.loc.gov/zing/srw/">
  <leader>00416cz  a2200121n  4500</leader>
  <controlfield tag="001">n 2005211416</controlfield>
  <controlfield tag="003">DLC</controlfield>
  <controlfield tag="005">20060223095229.0</controlfield>
  <controlfield tag="008">060210n| acannaabn          |a ana      </controlfield>
  <datafield tag="010" ind1=" " ind2=" ">
    <subfield code="a">n 2005211416</subfield>
  </datafield>
  <datafield tag="040" ind1=" " ind2=" ">
    <subfield code="a">DLC</subfield>
    <subfield code="b">eng</subfield>
    <subfield code="c">DLC</subfield>
    <subfield code="d">DLC</subfield>
  </datafield>
  <datafield tag="110" ind1="1" ind2=" ">
    <subfield code="a">Madhya Pradesh (India).</subfield>
    <subfield code="b">Sañcālanālaya Kr̥shi</subfield>
  </datafield>
  <datafield tag="670" ind1=" " ind2=" ">
    <subfield code="a">Jaivika evaṃ ṭikāū khetī, anveshaṇa tathā anubhava, 2002:</subfield>
    <subfield code="b">t.p. (Sañcālanālaya Kr̥shi, Ma. Pra.)</subfield>
  </datafield>
</record>